@mastersthesis{Hans-Diplom,
   author    = {Hans Utz},
   type      = {Diplomarbeit},
   title     = {Quo vadis? {R}obuste hierarchische {N}avigation f\"ur 
                autonome mobile {R}oboter},
   year      = {2000},
   month     = {October},
   school    = {University of Ulm},
   address   = {Ulm, Germany},
   note      = {in german}
}

@manual{OMG:CORBA-standart,
  author =       {OMG},
  title =        {CORBA/IIOP Specification},
  organization = {Object Management Group, Inc.},
  year =         {2001},
  address =      {Needham, MA},
  note =         { }
}

@manual{ACE-Paper,
  author =       {Douglas C. Schmidt},
  title =        {The ADAPTIVE Communication Environment. An Object-Oriented Network Programming Toolkit for Developing Communication Software},
  organization = {Distributed Object Computing Group},
  year =         {2001},
  address =      {University of California, Irvine},
  note =         { }
}


@manual{ACE-Manual,
  author =       {Umar Syyid},
  title =        {An Introduction to the ADAPTIVE Communication Environment},
  organization = {Distributed Object Computing Group},
  year =         {2000},
  address =      {University of California, Irvine},
  note =         { }
}

@manual{TAO-paper,
  author =       {Douglas C. Schmidt},
  title =        {Patterns and Performance of Real-time Object Request Brokers},
  organization = {Distributed Object Computing Group},
  year =         {2000},
  address =      {University of California, Irvine},
  note =         { }
}

@manual{OMG:Notify-Spec,
  author =       {OMG},
  title =        {Notification Service Specification},
  organization = {Object Management Group, Inc.},
  year =         {2000},
  address =      {Needham, MA},
  note =         { }
}

@article{Brooks,
  author =       {R. A. Brooks},
  title =        {Intelligence Without Representation},
  journal =      {Artificial Intelligence Journal},
  year =         {1991},
  volume =       {47},
  pages =        {139-159}
}

